@article{abadie2003semiparametric,
  title={Semiparametric instrumental variable estimation of treatment response models},
  author={Abadie, A.},
  journal={Journal of Econometrics},
  volume={113},

  pages={231--263},
  year={2003},
  publisher={Elsevier}
}

@article{abadie2002instrumental,
  title={Instrumental variables estimates of the effect of subsidized training on the quantiles of trainee earnings},
  author={Abadie, A. and Angrist, J. and Imbens, G.},
  journal={Econometrica},
  volume={70},

  pages={91--117},
  year={2002},
  publisher={Wiley Online Library}
}


@article{abadie2005semiparametric,
  title={Semiparametric difference-in-differences estimators},
  author={Abadie, A.},
  journal={The Review of Economic Studies},
  volume={72},

  pages={1--19},
  year={2005},
  publisher={Oxford University Press}
}

@article{accord2010effects,
  title={Effects of intensive blood-pressure control in type 2 diabetes mellitus},
  author={{ACCORD Study Group and others}},
  journal={The New England Journal of Medicine},
  volume={362},
  pages={1575},
  year={2010},
  publisher={NIH Public Access}
}

@article{adler2000association,
  title={Association of systolic blood pressure with macrovascular and microvascular complications of type 2 diabetes ({UKPDS} 36): prospective observational study},
  author={Adler, Amanda I and Stratton, Irene M and Neil, H Andrew W and Yudkin, John S and Matthews, David R and Cull, Carole A and Wright, Alex D and Turner, Robert C and Holman, Rury R},
  journal={BMJ},
  volume={321},
  pages={412--419},
  year={2000},
  publisher={BMJ Publishing Group Ltd}
}

@article{afifi1966missing,
  title={Missing observations in multivariate statistics I. Review of the literature},
  author={Afifi, A.A. and Elashoff, R.M.},
  journal={Journal of the American Statistical Association},
  volume={61},
   pages={595--604},
  year={1966},
  publisher={Taylor \& Francis}
}

@article{andrews1984non,
  title={Non-strong mixing autoregressive processes},
  author={Andrews, Donald W.K.},
  journal={Journal of Applied Probability},
  pages={930--934},
  year={1984},
  publisher={JSTOR}
}

@article{angrist2001instrumental,
  title={Instrumental Variables and the Search for Identification: From Supply and Demand to Natural Experiments},
  author={Angrist, J.D. and Krueger, A.B.},
  journal={The Journal of Economic Perspectives},
  volume={15},

  pages={69--85},
  year={2001}
}

@article{angrist1995using,
  title={Using social security data on military applicants to estimate the effect of voluntary military service on earnings},
  author={Angrist, J.D.},
  year={1995},
  publisher={National Bureau of Economic Research}
}

@article{ali2005herd,
  title={Herd immunity conferred by killed oral cholera vaccines in {B}angladesh: a reanalysis},
  author={Ali, M. and Emch, M. and von Seidlein, L. and Yunus, M. and Sack, D.A. and Rao, M. and Holmgren, J. and Clemens, J.D.},
  journal={The Lancet},
  volume={366},

  pages={44--49},
  year={2005},
  publisher={Elsevier}
}

@article{anderson1957maximum,
  title={Maximum likelihood estimates for a multivariate normal distribution when some observations are missing},
  author={Anderson, T.W.},
  journal={Journal of the american Statistical Association},
  volume={52},
  pages={200--203},
  year={1957},
  publisher={Taylor \& Francis}
}

@article{angelucci2009indirect,
  title={Indirect Effects of an Aid Program: How Do Cash Transfers Affect Ineligibles' Consumption?},
  author={Angelucci, M. and De Giorgi, G.},
  journal={The American Economic Review},
  volume={99},

  pages={486--508},
  year={2009},
  publisher={American Economic Association}
}

@article{angrist1996identification,
  title={Identification of causal effects using instrumental variables},
  author={Angrist, J.D. and Imbens, G.W. and Rubin, D.B.},
  journal={Journal of the American statistical Association},
  volume={91},

  pages={444--455},
  year={1996},
  publisher={Taylor \& Francis}
}


@article{aronow2013estimating,
  title={Estimating Average Causal Effects Under General Interference. {U}npublished manuscript},
  author={Aronow, P.M. and Samii, C.},
  year={2013}
}

@article{athey2006identification,
  title={Identification and Inference in Nonlinear Difference-in-Differences Models},
  author={Athey, S. and Imbens, G.W.},
  journal={Econometrica},
  volume={74},

  pages={431--497},
  year={2006},
  publisher={Wiley Online Library}
}


@article{baird2012effect,
  title={Effect of a cash transfer programme for schooling on prevalence of {HIV} and herpes simplex type 2 in {M}alawi: a cluster randomised trial},
  author={Baird, Sarah J and Garfein, Richard S and McIntosh, Craig T and {\"O}zler, Berk},
  journal={The Lancet},
  volume={379},
  number={9823},
  pages={1320--1329},
  year={2012},
  publisher={Elsevier}
}


@article{bang2005doubly,
  title={Doubly robust estimation in missing data and causal inference models},
  author={Bang, H. and Robins, J.M.},
  journal={Biometrics},
  volume={61},

  pages={962--973},
  year={2005},
  publisher={Wiley Online Library}
}

@article{barnard2003principal,
  title={Principal stratification approach to broken randomized experiments: A case study of school choice vouchers in New York City},
  author={Barnard, J. and Frangakis, C.E. and Hill, J.L. and Rubin, D.B.},
  journal={Journal of the American Statistical Association},
  volume={98},

  pages={299--323},
  year={2003},
  publisher={Taylor \& Francis}
}

@article{bartels1985alternative,
  title={Alternative misspecifications in simultaneous-equation models},
  author={Bartels, L.M.},
  journal={Political Methodology},
  pages={181--199},
  year={1985},
  publisher={JSTOR}
}


@article{berger1998rate,
  title={Rate of convergence to normal distribution for the {H}orvitz-{T}hompson estimator},
  author={Berger, Y.G.},
  journal={Journal of Statistical Planning and Inference},
  volume={67},

  pages={209--226},
  year={1998},
  publisher={Elsevier}
}


@article{Becker-Dreps2013diarrhea,
  title={Community Diarrhea Incidence Before and After Rotavirus Vaccine Introduction in {N}icaragua},
  author={Becker-Dreps, S. and Mel{\'e}ndez, M. and Liu, L. and Zambrana, L. E. and Paniagua, M. and Weber, D. J. and Hudgens, M. G. and C{\'a}ceres, M. and K{\"a}llest{\aa}ll, C. and Morgan, D. R. and Espinoza, F. and Pe{\~n}a, R.},
  journal={Am. J. Trop. Med. Hyg.},
  volume={89},

  pages={246--250},
  year={2013},
  publisher={ASTMH}
}

@article{Becker-Dreps2013pneumonia,
  title={Impact of a pediatric PCV-13 immunization program on hospitalizations
   and outpatient visits for pneumonia in {N}icaragua},
  author={S. Becker-Dreps and E. Amaya and L. Liu and J. Rocha and M.G. Hudgens and J. Aleman and C.W. Woods and D. Weber},
  journal={American Journal of Tropical Medicine and Hygiene, Under revision},
  year={2013},
}

@article{becker2014etiology,
  title={Etiology of childhood diarrhea after rotavirus vaccine introduction: a prospective, population-based study in Nicaragua},
  author={Becker-Dreps, Sylvia and Bucardo, Filemon and Vilchez, Samuel and Zambrana, Luis Enrique and Liu, Lan and Weber, David J and Pe{\~n}a, Rodolfo and Barclay, Leslie and Vinj{\'e}, Jan and Hudgens, Michael G and others},
  journal={The Pediatric infectious disease journal},
  volume={33},
  number={11},
  pages={1156--1163},
  year={2014},
  publisher={LWW}
}

@article{bickel1998efficient,
  title={Efficient and adaptive estimation for semiparametric models},
  author={Bickel, P.J. and Klaassen, C.A.J. and Ritov, Y. and Wellner, J. A.},
  year={1998},
  publisher={Springer}
}


@article{borm2005pseudo,
  title={Pseudo cluster randomization: a treatment allocation method to minimize contamination and selection bias},
  author={Borm, G.F. and Melis, R.J.F. and Teerenstra, S. and Peer, P.G.},
  journal={Statistics in Medicine},
  volume={24},

  pages={3535--3547},
  year={2005},
  publisher={Wiley Online Library}
}

@article{buck1960method,
  title={A method of estimation of missing values in multivariate data suitable for use with an electronic computer},
  author={Buck, Samuel F},
  journal={Journal of the Royal Statistical Society. Series B (Methodological)},
  volume={22},
  pages={302--306},
  year={1960},
  publisher={JSTOR}
}

@article{cao2009improving,
  title={Improving efficiency and robustness of the doubly robust estimator for a population mean with incomplete data},
  author={Cao, W. and Tsiatis, A.A and Davidian, M.},
  journal={Biometrika},
  volume={96},

  pages={723--734},
  year={2009},
  publisher={Biometrika Trust}
}

@article{card1995using,
  title={Using Geographical Variation in College Proximity to Estimate the Return to Schoolingn},
  author={Card, D.},
  journal={Aspects of Labor Market Behavior: Essays in Honor of John Vanderkamp, University of Toronto Press, Toronto},
  year={1995},
  pages={201-222}
}

@article{cassel1976some,
  title={Some results on generalized difference estimation and generalized regression estimation for finite populations},
  author={Cassel, C.M. and S{\"a}rndal, C.E. and Wretman, J.H.},
  journal={Biometrika},
  volume={63},

  pages={615--620},
  year={1976},
  publisher={Biometrika Trust}
}

@book{cassel1977foundations,
  title={Foundations of inference in survey sampling},
  author={Cassel, C.M. and S{\"a}rndal, C.E. and Wretman, J.H.},
  year={1977},
  publisher={Wiley New York}
}

@techreport{camargo2010interracial,
  title={Interracial friendships in college},
  author={Camargo, B. and Stinebrickner, R. and Stinebrickner, T.R.},
  year={2010},
  institution={National Bureau of Economic Research}
}

@phdthesis{chaudhary1996asymptotic,
  title={Asymptotic inference from unequal probability, multi-stage samples},
  author={Chaudhary, M.A.},
  year={1996},
  school={University of North Carolina at Chapel Hill}
}

@article{chen2007asymptotic,
  title={Asymptotic normality under two-phase sampling designs},
  author={Chen, J. and Rao, JNK},
  journal={Statistica Sinica},
  volume={17},

  pages={1047},
  year={2007}
}

@article{chen2007semiparametric,
  title={A Semiparametric Odds Ratio Model for Measuring Association},
  author={Chen, H.},
  volume={63},
  journal={Biometrics},
  pages={413--421},
  year={2007},
}

@article{chen2012highly,
  title={Highly active antiretroviral therapy and adverse birth outcomes among {HIV}-infected women in {B}otswana},
  author={Chen, Jennifer Y and Ribaudo, Heather J and Souda, Sajini and Parekh, Natasha and Ogwu, Anthony and Lockman, Shahin and Powis, Kathleen and Dryden-Peterson, Scott and Creek, Tracy and Jimbo, William and others},
  journal={Journal of Infectious Diseases},
  volume={206},
  pages={1695--1705},
  year={2012},
  publisher={Oxford University Press}
}

@article{chen2007criteria,
  title={Criteria for surrogate end points},
  author={Chen, H. and Geng, Z. and Jia, J.},
  journal={Journal of the Royal Statistical Society: Series B (Statistical Methodology)},
  volume={69},
  pages={919--932},
  year={2007},
  publisher={Wiley Online Library}
}


@article{cacioppo2009alone,
  title={Alone in the crowd: the structure and spread of loneliness in a large social network.},
  author={Cacioppo, J.T. and Fowler, J.H. and Christakis, N.A.},
  journal={Journal of personality and social psychology},
  volume={97},

  pages={977},
  year={2009},
  publisher={American Psychological Association}
}


@article{chen2010bayesian,
  title={Bayesian penalized spline model-based inference for finite population proportion in unequal probability sampling},
  author={Chen, Q. and Elliott, M.R. and Little, R.J.A.},
  journal={Survey Methodology},
  volume={36},

  pages={23--34},
  year={2010}
}

@article{chan2013simple,
  title={A simple multiply robust estimator for missing response problem},
  author={Chan, K.C.G.},
  journal={Stat},
  volume={2},
  pages={143--149},
  year={2013},
  publisher={Wiley Online Library}
}

@article{chan2014oracle,
  title={Oracle, multiple robust and multipurpose calibration in a missing response problem},
  author={Chan, K.G. and Yam, S.C.P.},
  journal={Statistical Science},
  volume={29},
  pages={380--396},
  year={2014},
  publisher={Institute of Mathematical Statistics}
}

@article{christakis2007spread,
  title={The spread of obesity in a large social network over 32 years},
  author={Christakis, N.A. and Fowler, J.H.},
  journal={New England journal of medicine},
  volume={357},

  pages={370--379},
  year={2007},
  publisher={Mass Medical Soc}
}

@article{christakis2008collective,
  title={The collective dynamics of smoking in a large social network},
  author={Christakis, N.A. and Fowler, J.H.},
  journal={New England journal of medicine},
  volume={358},
  pages={2249--2258},
  year={2008},
  publisher={Mass Medical Soc}
}


@article{christakis2013social,
  title={Social contagion theory: examining dynamic social networks and human behavior},
  author={Christakis, N.A. and Fowler, J.H.},
  journal={Statistics in medicine},
  volume={32},
  pages={556--577},
  year={2013},
  publisher={Wiley Online Library}
}


@article{clarke2013estimating,
  title={Estimating structural mean models with multiple instrumental variables using the generalised method of moments},
  author={Clarke, P.S. and Palmer, T.M. and Windmeijer, F.},
  journal={Statistical Science},
  volume={30},
  pages={96--117},
  year={2015},
  publisher={Institute of Mathematical Statistics}
}

@article{clemens1988field,
  title={Field trial of oral cholera vaccines in Bangladesh: results of one year of follow-up},
  author={Clemens, J.D. and Harris, J.R. and Sack, D.A. and Chakraborty, J. and Ahmed, F. and Stanton, B.F. and Khan, M.U. and Kay, B.A. and Huda, N. and Khan, M.R. and others},
  journal={The Journal of infectious diseases},
  volume={158},
  pages={60--69},
  year={1988},
  publisher={Oxford University Press}
}

@book{cox1958planning,
  title={Planning of Experiments.},
  author={Cox, D.R.},
  year={1958},
  publisher={Wiley}
}

@article{cornfield1959smoking,
  title={Smoking and lung cancer: recent evidence and a discussion of some questions},
  author={Cornfield, J. and Haenszel, W. and Hammond, E.C. and Lilienfeld, A.M. and Shimkin, M.B. and Wynder, E.L.},
  journal={Journal of the National Cancer Institute},
  volume={22},
  pages={173--203},
  year={1959}
}

@article{cohen2009detecting,
  title={Detecting implausible social network effects in acne, height, and headaches: longitudinal analysis},
  author={Cohen-Cole, E. and Fletcher, J.M.},
  journal={British Medical Journal},
  volume={338},
 
  pages={28--31},
  year={2009},
  publisher={British Medical Association}
}


@article{crepon2011labor,
  title={Do labor market policies have displacement effect? Evidence from a clustered random experiment},
  author={Cr{\'e}pon, B. and Duflo, E. and Gurgand, M. and Rathelot, R. and Zamora, P.},
  journal={Unpublished Manuscript, Centre de Recherche en {\'E}conomie et Statistique (CREST), Paris},
  year={2011}
}



@article{crowder1976maximum,
  title={Maximum Likelihood Estimation for Dependent Observations},
  author={Crowder, M.J.},
  journal={Journal of the Royal Statistical Society. Series B (Methodological).},
  volume={38},
  pages={45--53},
  year={1976},
  publisher={Royal Statistical Society}
}

@article{david1996designs,
  Title = {{Designs for interference}},
  author={David, O. and Kempton, R.A.},
  journal={Biometrics},
  Volume = {{52}},
  Pages = {{597-606}},
  year={1996},
  publisher={JSTOR},
}

@book{davidson1994stochastic,
  title={Stochastic limit theory: an introduction for econometricians},
  author={Davidson, J},
  year={1994},
  publisher={Oxford University Press}
}

@article{davidson1992,
    title = {A Central Limit Theorem for Globally Nonstationary Near-Epoch Dependent Functions of Mixing Processes},
    author = {Davidson, James},
    journal = {Econometric Theory},
    volume = {8},
    pages = {pp. 313-329},
    year = {1992},
    publisher = {Cambridge University Press},
}

@article{deville1992calibration,
  title={Calibration estimators in survey sampling},
  author={Deville, J. and S{\"a}rndal, C.},
  journal={Journal of the American statistical Association},
  volume={87},
  number={418},
  pages={376--382},
  year={1992},
  publisher={Taylor \& Francis Group}
}

@article{dempster1977maximum,
  title={Maximum likelihood from incomplete data via the {EM} algorithm},
  author={Dempster, A.P. and Laird, N.M. and Rubin, D.B.},
   journal={Journal of the Royal Statistical Society. Series B (Methodological)},
  volume={39},
  pages={1--38},
  year={1977},
  publisher={JSTOR}
}


@article{duflo2003role,
  title={The Role of Information and Social Interactions in Retirement Plan Decisions: Evidence from a Randomized Experiment},
  author={Duflo, E. and Saez, E.},
  journal={The Quarterly Journal of Economics},
  volume={118},

  pages={815--842},
  year={2003},
  publisher={Oxford University Press}
}

@article{edgett1956multiple,
  title={Multiple regression with missing observations among the independent variables},
  author={Edgett, G.L.},
  journal={Journal of the American Statistical Association},
  volume={51},
  pages={122--131},
  year={1956},
  publisher={Taylor \& Francis}
}


@article{espinoza1997prevalence,
  title={Prevalence and characteristics of severe rotavirus infections in Nicaraguan children.},
  author={Espinoza, F and Paniagua, M and Hallander, H and Hedlund, KO and Svensson, L},
  journal={Annals of Tropical Paediatrics},
  volume={17},

  pages={25--32},
  year={1997}
}

@article{espinoza1997rotavirus,
  title={Rotavirus infections in young {N}icaraguan children},
  author={Espinoza, Felix and Paniagua, Margarita and Hallander, Hans and Svensson, Lennart and Stranneg{\aa}rd, {\"O}rjan},
  journal={The Pediatric Infectious Disease Journal},
  volume={16},

  pages={564--571},
  year={1997},
  publisher={LWW}
}

@article{fan2001variable,
  title={Variable selection via nonconcave penalized likelihood and its oracle properties},
  author={Fan, Jianqing and Li, Runze},
  journal={Journal of the American Statistical Association},
  volume={96},
  pages={1348--1360},
  year={2001},
  publisher={Taylor \& Francis}
}


@article{fleming1996surrogate,
  title={Surrogate end points in clinical trials: are we being misled?},
  author={Fleming, Thomas R and DeMets, David L},
  journal={Annals of Internal Medicine},
  volume={125},
  pages={605--613},
  year={1996},
  publisher={Am Coll Physicians}
}


@book{fisher1932statistical,
  title={Statistical Methods for Research Workers},
  author={Fisher, R.A.},

  year={1932},
  publisher={Genesis Publishing Pvt Ltd}
}

@article{fisher1935design,
  title={The design of experiments.},
  author={Fisher, R.A.},
  year={1935},
  publisher={Oliver \& Boyd}
}

@article{follow1979five,
  title={Five-year findings of the hypertension detection and follow-up program},
  author={{Follow-up Program Cooperative Group and others}},
  journal={JAMA: The Journal of the American Medical Association},
  volume={242},
  pages={2572--2577},
  year={1979},
}


@article{fowler2008estimating,
  title={Estimating peer effects on health in social networks: a response to Cohen-Cole and Fletcher; and Trogdon, Nonnemaker, and Pais},
  author={Fowler, J.H. and Christakis, N.A.},
  journal={Journal of health economics},
  volume={27},
  pages={1400--1405},
  year={2008},
  publisher={North-Holland}
}


@article{fowler2008dynamic,
  title={Dynamic spread of happiness in a large social network: longitudinal analysis over 20 years in the Framingham Heart Study},
  author={Fowler, J.H. and Christakis, N.A.},
  journal={Bmj},
  pages = {a2338+},
  volume={337},
  year={2008},
  publisher={BMJ}
}

@article{follmann1995approximate,
  title={An approximate generalized linear model with random effects for informative missing data},
  author={Follmann, D. and Wu, M.},
  journal={Biometrics},
  pages={151--168},
  year={1995},
  publisher={JSTOR}
}

@article{frangakis2004methodology,
  title={Methodology for evaluating a partially controlled longitudinal treatment using principal stratification, with application to a needle exchange program},
  author={Frangakis, C.E. and Brookmeyer, R.S. and Varadhan, R. and Safaeian, M. and Vlahov, D. and Strathdee, S.A.},
  journal={Journal of the American Statistical Association},
  volume={99},

  pages={239--249},
  year={2004},
  publisher={Taylor \& Francis}
}

@article{frangakis2004principal,
  title={Principal stratification in causal inference},
  author={Frangakis, C.E. and Rubin, D.B.},
  journal={Biometrics},
  volume={58},

  pages={21--29},
  year={2004},
  publisher={Wiley Online Library}
}

@book{gallant2009nonlinear,
  title={Nonlinear statistical models},
  author={Gallant, A.R.},
  volume={310},
  year={2009},
  publisher={Wiley}
}

@book{gallant1988unified,
  title={A unified theory of estimation and inference for nonlinear dynamic models},
  author={Gallant, A.R. and White, H.},
  year={1988},
  publisher={Basil Blackwell New York}
}

@article{gastwirth1998cornfield,
year={1998},
  title={Cornfield's inequality},
  author={Gastwirth, J.L. and Krieger, A.M. and Rosenbaum, P.R.},
  journal={Encyclopedia of Biostatistics},
  publisher={Wiley Online Library}
}

@article{geisser1974predictive,
  title={A predictive approach to the random effect model},
  author={Geisser, S.},
  journal={Biometrika},
  pages={101--107},
  year={1974},
  publisher={JSTOR}
}

@Article{glmnet,
  title = {Regularization Paths for Generalized Linear Models via Coordinate Descent},
  author = {Jerome Friedman and Trevor Hastie and Robert Tibshirani},
  journal = {Journal of Statistical Software},
  year = {2010},
  volume = {33},
  pages = {1--22},
  url = {http://www.jstatsoft.org/v33/i01/},
}


@article{goldberger1972structural,
  title={Structural equation methods in the social sciences},
  author={Goldberger, A.S.},
  journal={Econometrica: Journal of the Econometric Society},
  pages={979--1001},
  year={1972},
  publisher={JSTOR}
}

@article{gray2007male,
  title={Male circumcision for HIV prevention in men in Rakai, Uganda: a randomised trial},
  author={Gray, R.H. and Kigozi, G. and Serwadda, D. and Makumbi, F. and Watya, S. and Nalugoda, F. and Kiwanuka, N. and Moulton, L.H. and Chaudhary, M.A. and Chen, M.Z. and others},
  journal={The Lancet},
  volume={369},

  pages={657--666},
  year={2007},
  publisher={Elsevier}
}


@article{gilbert2003sensitivity,
  title={Sensitivity analysis for the assessment of causal vaccine effects on viral load in HIV vaccine trials},
  author={Gilbert, Peter B and Bosch, Ronald J and Hudgens, Michael G},
  journal={Biometrics},
  volume={59},

  pages={531--541},
  year={2003},
  publisher={Wiley Online Library}
}
@article{glasser1964linear,
  title={Linear regression analysis with missing observations among the independent variables},
  author={Glasser, M.},
  journal={Journal of the American Statistical Association},
  volume={59},
  pages={834--844},
  year={1964},
  publisher={Taylor \& Francis}
}

@article{greenland1986identifiability,
  title={Identifiability, exchangeability, and epidemiological confounding},
  author={Greenland, S. and Robins, J.M.},
  journal={International Journal of Epidemiology},
  volume={15},

  pages={413--419},
  year={1986},
  publisher={Oxford University Press}
}

@article{hahn1998role,
  title={On the role of the propensity score in efficient semiparametric estimation of average treatment effects},
  author={Hahn, J.},
  journal={Econometrica},
  pages={315--331},
  year={1998},
  publisher={JSTOR}
}

@article{haavelmo1944probability,
     jstor_articletype = {research-article},
     title = {The Probability Approach in Econometrics},
     author = {Haavelmo, T.},
     journal = {Econometrica},
     jstor_issuetitle = {Supplement},
     volume = {12},

     pages = {iii-vi+1-115},
     language = {English},
     year = {1944},
     publisher = {The Econometric Society}
    }

@article{haitovsky1968missing,
  title={Missing data in regression analysis},
  author={Haitovsky, Y.},
  journal={Journal of the Royal Statistical Society. Series B (Methodological)},
  pages={67--82},
   volume={30},
 year={1968},
  publisher={JSTOR}
}


@article{hajek1958theory,
  title={On the theory of ratio estimates},
  author={H{\'a}jek, J.},
  journal={Applications of Mathematics},
  volume={3},

  pages={384--398},
  year={1958},
  publisher={Institute of Mathematics, Academy of Sciences of the Czech Republic}
}



@incollection{hajek1971contribution,
author={H\'ajek, J},
title={Comment on a paper by {D}. {B}asu},
booktitle={Foundations of Statistical Inference},
editor={V.P. Godambe and D.A. Sprott},
publisher={Holt, Rinehart and Winston},
year={1971},
pages={236},
address={Toronto}}

@article{halloran1995causal,
  title={Causal Inference in Infectious Diseases},
  author={Halloran, M.E. and Struchiner, C.J.},
  journal={Epidemiology},
  volume={6},

  pages={142--151},
  year={1995}
}

@article{han2013estimation,
  title={Estimation with missing data: beyond double robustness},
  author={Han, P. and Wang, L.},
  journal={Biometrika},
  volume={100},
  pages={417--430},
  year={2013},
  publisher={Biometrika Trust}
}

@article{han2014multiply,
  title={Multiply robust estimation in regression analysis with missing data},
  author={Han, P.},
  journal={Journal of the American Statistical Association},
  volume={109},
  pages={1159--1173},
  year={2014},
  publisher={Taylor \& Francis}
}

@book{hastie2015statistical,
  title={Statistical learning with sparsity: the lasso and generalizations},
  author={Hastie, Trevor and Tibshirani, Robert and Wainwright, Martin},
  year={2015},
  publisher={CRC Press}
}


@article{heckman1997instrumental,
  title={Instrumental Variables: A Study of Implicit Behavioral Assumptions Used in Making Program Evaluations.},
  author={Heckman, J.},
  journal={Journal of Human Resources},
  volume={32},

  pages={441--62},
  year={1997},
  publisher={ERIC}
}

@article{heckman1997matching,
  title={Matching as an econometric evaluation estimator: Evidence from evaluating a job training programme},
  author={Heckman, J.J. and Ichimura, H. and Todd, P.E.},
  journal={The review of economic studies},
  volume={64},
  pages={605--654},
  year={1997},
  publisher={Oxford University Press}
}

@article{heckman1998matching,
  title={Matching as an econometric evaluation estimator},
  author={Heckman, J.J. and Ichimura, H. and Todd, P.},
  journal={The Review of Economic Studies},
  volume={65},
  pages={261--294},
  year={1998},
  publisher={Oxford University Press}
}

@article{heckman1998general,
  title={General-equilibrium treatment effects: A study of tuition policy},
  author={Heckman, J.J. and Lochner, L. and Taber, C.},
  journal={The American Economic Review},
  volume={88},
  pages={2},
  year={1998}
}

@book{hernan2013causal,
    title={Causal Inference},
    author={M.A. Hern\'{a}n and J.M. Robins},
    publisher={Chapman \& Hall, In Preparation},
    year={2013}
}

@article{hong2006evaluating,
  title={Evaluating Kindergarten Retention Policy: A Case Study of Causal Inference for Multilevel Observational Data},
  author={Hong, G. and Raudenbush, S.W.},
  journal={Journal of the American Statistical Association},
  volume={101},

  pages={901--910},
  year={2006},
  publisher={ASA}
}

@article{horton2001maximum,
  title={Maximum likelihood analysis of logistic regression models with incomplete covariate data and auxiliary information},
  author={Horton, N.J. and Laird, N.M.},
  journal={Biometrics},
  volume={57},
  pages={34--42},
  year={2001},
  publisher={Wiley Online Library}
}

@article{hudgens2003analysis,
  title={On the analysis of viral load endpoints in HIV vaccine trials},
  author={Hudgens, M.G. and Hoering, A. and Self, S.G.},
  journal={Statistics in Medicine},
  volume={22},

  pages={2281--2298},
  year={2003},
  publisher={Wiley Online Library}
}


@article{hudgens2006causal,
  title={Causal vaccine effects on binary postinfection outcomes},
  author={Hudgens, M.G. and Halloran, M.E.},
  journal={Journal of the American Statistical Association},
  volume={101},

  pages={51--64},
  year={2006},
  publisher={Taylor \& Francis}
}

@article{hudgens2008toward,
  title={Toward causal inference with interference},
  author={Hudgens, M.G. and Halloran, M.E.},
  journal={Journal of the American Statistical Association},
  volume={103},

  pages={832--842},
  year={2008},
  publisher={ASA}
}



@article{holland1986statistics,
  title={Statistics and causal inference},
  author={Holland, P.W.},
  journal={Journal of the American Statistical Association},
  Volume = {{3}},

  pages={945--960},
  year={1986},
  DOI = {{10.1097/00001648-199207000-00007}},
  publisher={JSTOR}
}

@article{ibrahim1990incomplete,
  title={Incomplete data in generalized linear models},
  author={Ibrahim, J.G.},
  journal={Journal of the American Statistical Association},
  volume={85},
  pages={765--769},
  year={1990},
  publisher={Taylor \& Francis}
}

@article{imbens1994identification,
  title={Identification and estimation of local average treatment effects},
  author={Imbens, G.W. and Angrist, J.D.},
  journal={Econometrica: Journal of the Econometric Society},
  pages={467--475},
  year={1994},
  publisher={JSTOR}
}

@techreport{imbens2014instrumental,
  title={Instrumental Variables: An Econometrician's Perspective},
  author={Imbens, G.W.},
  year={2014},
  institution={National Bureau of Economic Research}
}

@article{ichino2012deterring,
  title={Deterring or displacing electoral irregularities? {S}pillover effects of observers in a randomized field experiment in {G}hana},
  author={Ichino, N. and Sch{\"u}ndeln, M.},
  journal={Journal of Politics},
  volume={74},

  pages={292--307},
  year={2012},
  publisher={Cambridge Univ Press}
}

@article{ju2010criteria,
  title={Criteria for surrogate end points based on causal distributions},
  author={Ju, C. and Geng, Z.},
  journal={Journal of the Royal Statistical Society: Series B (Statistical Methodology)},
  volume={72},
  pages={129--142},
  year={2010},
  publisher={Wiley Online Library}
}


@incollection{robins2000sensitivity,
  title={Sensitivity analysis for selection bias and unmeasured confounding in missing data and causal inference models},
  author={Robins, J.M. and Rotnitzky, A. and Scharfstein, D.},
  booktitle={Statistical models in epidemiology, the environment, and clinical trials},
  pages={1--94},
  volume={116},
  year={2000},
  publisher={Springer}
}


@incollection{robins2008higher,
  title={Higher order influence functions and minimax estimation of nonlinear functionals},
  author={Robins, J.M. and Li, L. and Tchetgen Tchetgen, E. and van der Vaart, A.},
  booktitle={Probability and Statistics: Essays in Honor of David A. Freedman},
  pages={335--421},
  year={2008},
  publisher={Institute of Mathematical Statistics}
}


@article{robins2000inference,
  title={Inference for imputation estimators},
  author={Robins, J.M. and Wang, N.},
  journal={Biometrika},
  volume={87},
  pages={113--124},
  year={2000},
  publisher={Biometrika Trust}
}

@inproceedings{robins2000robust,
  title={Robust estimation in sequentially ignorable missing data and causal inference models},
  author={Robins, J.M.},
  booktitle={Proceedings of the American Statistical Association},
  volume={1999},
  pages={6--10},
  year={2000}
}

@article{robins2002commentary,
  title={Commentary on ``Using inverse weighting and predictive inference to estimate the effects of time-varying treatments on the discrete-time hazard"},
  author={Robins, J.M.},
  journal={Statistics in Medicine},
  volume={21},
  pages={1663--1680},
  year={2002},
  publisher={Wiley Online Library}
}

@article{jambs2000marginal,
  title={Marginal structural models versus structural nested models as tools for causal inference},
  author={Robins, J.M.},
  journal={Statistical Models in Epidemiology, the Environment and Clinical Trials},
  volume={116},
  pages={95--134},
  year={2000},
  publisher={Springer Verlag}
}

@article{jemiai2007semiparametric,
  title={Semiparametric estimation of treatment effects given base-line covariates on an outcome measured after a post-randomization event occurs},
  author={Jemiai, Y. and Rotnitzky, A. and Shepherd, B.E. and Gilbert, P.B.},
  journal={Journal of the Royal Statistical Society: Series B (Statistical Methodology)},
  volume={69},

  pages={879--901},
  year={2007},
  publisher={Wiley Online Library}
}


@article{joffe2003weighting,
  title={Weighting in instrumental variables and G-estimation},
  author={Joffe, M.M. and Brensinger, C.},
  journal={Statistics in medicine},
  volume={22},

  pages={1285--1303},
  year={2003},
  publisher={Wiley Online Library}
}

@book{lehmann1998nonparametrics,
  title={Nonparametrics: Statistical Methods Based on Ranks},
  author={Lehmann, E.L.},
  year={1998},
  publisher={Prentice Hall}
}



@article{little1998statistical,
  title={Statistical techniques for analyzing data from prevention trials: Treatment of no-shows using Rubin's causal model.},
  author={Little, R.J. and Yau, L.H.Y.},
  journal={Psychological Methods},
  volume={3},

  pages={147},
  year={1998},
  publisher={American Psychological Association}
}

@article{little2000causal,
  title={Causal effects in clinical and epidemiological studies via   potential outcomes: concepts and analytical approaches},
  author={Little, R.J. and Rubin, D.B.},
  journal={Annual Review of Public Health},
  volume={21},

  pages={121--145},
  year={2000},
  publisher={Annual Reviews 4139 El Camino Way, PO Box 10139, Palo Alto, CA 94303-0139, USA}
}

@article{lipsitch2010negative,
  title={Negative controls: a tool for detecting confounding and bias in observational studies},
  author={Lipsitch, M. and Tchetgen Tchetgen, E.  and Cohen, T.},
  journal={Epidemiology},
  volume={21},
  pages={383},
  year={2010},
  publisher={NIH Public Access}
}

@article{luo2012inference,
  title={Inference with interference between units in an {fMRI} experiment of motor inhibition},
  author={Luo, X. and Small, D.S. and Li, C.S.R. and Rosenbaum, P.R.},
  journal={Journal of the American Statistical Association},
  volume={107},

  pages={530--541},
  year={2012},
  publisher={Taylor \& Francis Group}
}

@article{lyons2011spread,
  title={The spread of evidence-poor medicine via flawed social-network analysis},
  author={Lyons, R.},
  journal={Statistics, Politics, and Policy},
  volume={2},

}

@article{gautier2011high,
  title={High-dimensional instrumental variables regression and confidence sets},
  author={Gautier, Eric and Tsybakov, Alexandre},
  journal={Techinical Report},
  year={2011}
}

@article{greenland1986identifiability,
  title={Identifiability, exchangeability, and epidemiological confounding},
  author={Greenland, S. and Robins, J.M.},
  journal={International journal of epidemiology},
  volume={15},
  pages={413--419},
  year={1986},
  publisher={IEA}
}

@article{han2013estimation,
  title={Estimation with missing data: beyond double robustness},
  author={Han, P. and Wang, L.},
  journal={Biometrika},
  volume={100},

  pages={417--430},
  year={2013},
  publisher={Biometrika Trust}
}

@article{hayes2000design,
  title={Design and analysis issues in cluster-randomized trials of interventions against infectious diseases},
  author={Hayes, RJ and Alexander, N.D.E. and Bennett, S. and Cousens, SN},
  journal={Statistical Methods in Medical Research},
  volume={9},

  pages={95--116},
  year={2000},
  publisher={SAGE Publications}
}

@article{hernan2006instruments,
  title={Instruments for causal inference: an epidemiologist's dream?},
  author={Hern{\'a}n, M.A. and Robins, J. M},
  journal={Epidemiology},
  volume={17},

  pages={360--372},
  year={2006},
  publisher={LWW}
}

@article{halloran2012causal,
  title={Causal inference for vaccine effects on infectiousness},
  author={Halloran, M.E. and Hudgens, M.G.},
  journal={The International Journal of Biostatistics},
  volume={8},
  pages={1--40},
  year={2012}
}

@article{han2014further,
  title={A further study of the multiply robust estimator in missing data analysis},
  author={Han, P.},
  journal={Journal of Statistical Planning and Inference},
  volume={148},
  pages={101--110},
  year={2014},
  publisher={Elsevier}
}

@article{humphreys2006role,
  title={The role of leaders in democratic deliberations: results from a field experiment in S{\~a}o Tom{\'e} and Pr{\'\i}ncipe},
  author={Humphreys, M. and Masters, W.A. and Sandbu, M.E.},
  journal={World Politics},
  volume={58},

  pages={583--622},
  year={2006},
  publisher={Cambridge Univ Press}
}

@article{kang2007demystifying,
  title={Demystifying double robustness: a comparison of alternative strategies for estimating a population mean from incomplete data},
  author={Kang, J.D.Y. and Schafer, J.L.},
  journal={Statistical Science},
  volume={22},

  pages={523--539},
  year={2007},
  publisher={Institute of Mathematical Statistics}
}

@article{kang2015instrumental,
  title={Instrumental variables estimation with some invalid instruments and its application to mendelian randomization},
  author={Kang, Hyunseung and Zhang, Anru and Cai, T Tony and Small, Dylan S},
  journal={Journal of the American Statistical Association},
volume = {111},
pages = {132-144},
year = {2016},
  publisher={Taylor \& Francis}
}


@article{kish1965survey,
  title={Survey sampling},
  author={Kish, L.},
  journal={New York; John Wiley \& Sons, 1965, 643 p.},
  year={1965}
}


@article{kish1995hundred,
  title={The hundred years°Ø wars of survey sampling},
  author={Kish, L},
  journal={Statistics in Transition},
  volume={2},

  pages={813--830},
  year={1995}
}

@article{kolesar2015identification,
  title={Identification and inference with many invalid instruments},
  author={Koles{\'a}r, Michal and Chetty, Raj and Friedman, John and Glaeser, Edward and Imbens, Guido W},
  journal={Journal of Business \& Economic Statistics},
  volume={33},
  pages={474--484},
  year={2015},
  publisher={Taylor \& Francis}
}


@article{lawes2008global,
  title={Global burden of blood-pressure-related disease, 2001},
  author={Lawes, Carlene MM and Vander Hoorn, Stephen and Rodgers, Anthony and others},
  journal={The Lancet},
  volume={371},
  pages={1513--1518},
  year={2008},
  publisher={Elsevier}
}


@article{li2017MR,
  title={Demystify the Multiple Robust Estimators},
  author={Li, W. and Gu, Y. and Liu, L. and Tchetgen Tchetgen, E.},
  journal={In Preparation},
}


@article{liu2016inverse,
  title={On inverse probability-weighted estimators in the presence of interference},
  author={Liu, L. and Hudgens, M.G. and Becker-Dreps, S.},
  journal={Biometrika},
  volume={103},
  pages={829--842},
  year={2016},
  publisher={Biometrika Trust}
}

@article{liu2013DR,
  title={Doubly Robust Estimators in
the Presence of Interference},
  author={Liu, L. and Hudgens, M.G.},
  journal={In Preparation},
}

@article{liu2013asymptotic,
  title={Large Sample Randomization Inference
with Interference},
  author={Liu, L. and Hudgens, M.G.},
  journal={Journal of the American Statistical Association},
volume = {109},

pages = {288-301},
year = {2014}
}

@article{liu2015instrumental,
  title={Instrumental Variable Estimation of the Marginal Average Effect of Treatment on the Treated},
year={2015},
  author={Liu, L. and Miao, W. and Sun, B. and Robins, J. and Tchetgen Tchetgen, E.},
  journal={Submitted},
}


@article{liu2014homophily,
  title={Indirect Adjustment for Homophily Bias with a Negative Control Variable in Peer Effect Analysis},
  author={Liu, L. and Tchetgen Tchetgen, E.},
  journal={In Preparation},
}


@article{ibragimov1975note,
  title={A note on the central limit theorems for dependent random variables},
  author={I.A. Ibragimov},
  journal={Theory of Probability \& Its Applications},
  volume={20},

  pages={135--141},
  year={1975},
  publisher={SIAM}
}

@article{lipsitch2010negative,
  title={Negative controls: a tool for detecting confounding and bias in observational studies},
  author={Lipsitch, M. and Tchetgen Tchetgen, E. and Cohen, T.},
  journal={Epidemiology (Cambridge, Mass.)},
  volume={21},

  pages={383},
  year={2010},
  publisher={NIH Public Access}
}


@article{little2004model,
  title={To Model or Not To Model? Competing Modes of Inference for Finite Population Sampling},
  author={Little, RJ},
  journal={Journal of the American Statistical Association},
  volume={99},

  pages={546--556},
  year={2004},
  publisher={American Statistical Association}
}

@article{little2004robust,
title={Robust likelihood-based analysis of multivariate data with missing values},
author={Little, R. and An, H.},
journal={Staistica Sinica},
pages={949--968},
volume={14},
year={2004},
publisher={JSTOR}}

@article{longini1998optimal,
  title={Optimal vaccine trial design when estimating vaccine efficacy for susceptibility and infectiousness from multiple populations},
  author={Longini Jr, I.M. and Sagatelian, K. and Rida, W.N. and Halloran, M.E.},
  journal={Statistics in Medicine},
  volume={17},

  pages={1121--1136},
  year={1998},
  publisher={Wiley Online Library}
}

@article{lunceford2004stratification,
  title={Stratification and weighting via the propensity score in estimation of causal treatment effects: a comparative study},
  author={Lunceford, J.K. and Davidian, M.},
  journal={Statistics in Medicine},
  volume={23},

  pages={2937--2960},
  year={2004},
  publisher={Wiley Online Library}
}

@inproceedings{mcconnell2010detecting,
  title={Detecting social networks: design and analysis of multilevel experiments},
  author={McConnell, M. and Sinclair, B. and Green, D.P.},
  booktitle={third annual center for experimental social science and New York University experimental political science conference},
  year={2010}
}

@article{newey1994large,
  title={Large Sample Estimation and Hypothesis Testing},
  author={Newey, Whitney K and McFadden, Daniel},
  journal={Handbook of econometrics},
  volume={4},
  pages={2111--2245},
  year={1994},
  publisher={Elsevier}
}


@article{o2009exchangeability,
  title={Exchangeability, Correlation, and {B}ayes' Effect},
  author={O'Neill, B.},
  journal={International Statistical Review},
  volume={77},

  pages={241--250},
  year={2009},
  publisher={Wiley Online Library}
}

@article{ogburn2012bias,
  title={Bias attenuation results for nondifferentially mismeasured ordinal and coarsened confounders},
  author={Ogburn, E.L. and Vanderweele, T.J.},
  journal={Biometrika},
  volume={100},
  pages={241--248},
  year={2012},
  publisher={Biometrika Trust}
}


@article{okui2012doubly,
  title={Doubly Robust Instrumental Variable Regression},
  author={Okui, R. and Small, D. and Tan, Z. and Robins, J.M.},
  journal={Statistica Sinica},
  volume={22},
  pages={173--205},
  year={2012}
}

@article{omer2008geographic,
  title={Geographic clustering of nonmedical exemptions to school immunization requirements and associations with geographic clustering of pertussis},
  author={Omer, S.B. and Enger, K.S. and Moulton, L.H. and Halsey, N.A. and Stokley, S. and Salmon, D.A.},
  journal={American Journal of Epidemiology},
  volume={168},

  pages={1389--1396},
  year={2008},
  publisher={Oxford Univ Press}
}



@article{PerezHeydrich2014interference,
  title={Assessing effects of cholera vaccination in the presence of interference},
  author={Perez-Heydrich, C. and Hudgens, M. G. and Halloran, M. E. and Clemens, J. D. and Ali, M. and Emch, M. E.},
  journal={Biometrics},
  volume={70},
  pages={731--741},
  year={2014},
  publisher={Wiley Online Library}
}


@inproceedings{pearl1995testability,
  title={On the testability of causal models with latent and instrumental variables},
  author={Pearl, Judea},
  booktitle={Proceedings of the Eleventh conference on Uncertainty in artificial intelligence},
  pages={435--443},
  year={1995},
  organization={Morgan Kaufmann Publishers Inc.}
}


@article{pearl7principal,
  title={Principal Stratification--a Goal or a Tool?},
  author={Pearl, J.},
  journal={The International Journal of Biostatistics},
  volume={7},

  pages={1--13}
}

@article{pearl2011mediating,
  title={Mediating instrumental variables},
  author={Pearl, Judea},
  journal={Technical Report},
  year={2011}
}

@incollection{poterba1994401,
  title={401 (k) plans and tax-deferred saving},
  author={Poterba, J.M. and Venti, S.F.},
  booktitle={Studies in the Economics of Aging},
  pages={105--142},
  year={1994},
  publisher={University of Chicago Press}
}

@article{poterba1995401,
  title={Do 401 (k) contributions crowd out other personal saving?},
  author={Poterba, J.M. and Venti, S.F. and Wise, D.A.},
  journal={Journal of Public Economics},
  volume={58},

  pages={1--32},
  year={1995},
  publisher={Elsevier}
}

@inproceedings{psaty1995risk,
  title={THE RISK OF INCIDENT MYOCARDIAL-INFARCTION ASSOCIATED WITH ANTIHYPERTENSIVE DRUG THERAPIES},
  author={Psaty, BM and Heckbert, SR and Koepsell, TD and Siscovick, DS and Lemaitre, R and Smith, NL and Wahl, PW and Wagner, EH and Furberg, CD},
  booktitle={Circulation},
  volume={91},
  pages={925--925},
  year={1995},
}

@article{qin2008efficient,
  title={Efficient and doubly robust imputation for covariate-dependent missing responses},
  author={Qin, J. and Shao, J. and Zhang, B.},
  journal={Journal of the American Statistical Association},
  volume={103},
  pages={797--810},
  year={2008},
  publisher={Taylor \& Francis}
}

@article{mealli2013using,
  title={Using secondary outcomes to sharpen inference in randomized experiments with noncompliance},
  author={Mealli, F. and Pacini, B.},
  journal={Journal of the American Statistical Association},
  volume={108},
  pages={1120--1131},
  year={2013},
  publisher={Taylor \& Francis}
}

@article{miettinen1974proportion,
  title={Proportion of disease caused or prevented by a given exposure, trait or intervention},
  author={Miettinen, O.S.},
  journal={American journal of epidemiology},
  volume={99},
  pages={325--332},
  year={1974},
  publisher={Oxford Univ Press}
}

@article{manski1993identification,
  title={Identification of endogenous social effects: The reflection problem},
  author={Manski, C.F.},
  journal={The review of economic studies},
  volume={60},
  pages={531--542},
  year={1993},
  publisher={Oxford University Press}
}



@article{mvukiyehe2011peace,
  title={Peace from the Bottom Up: A Randomized Trial with {UN} Peacekeepers},
  author={Mvukiyehe, E. and Samii, C.},
  year={2011}
}

@article{millar2008indirect,
  title={Indirect effect of 7-valent pneumococcal conjugate vaccine on pneumococcal colonization among unvaccinated household members},
  author={Millar, E.V. and Watt, J.P. and Bronsdon, M.A. and Dallas, J. and Reid, R. and Santosham, M. and O'Brien, K.L.},
  journal={Clinical Infectious Diseases},
  volume={47},

  pages={989--996},
  year={2008},
  publisher={Oxford University Press}
}

@article{ogburn2014causal,
  title={Causal diagrams for interference},
  author={Ogburn, E.L. and VanderWeele, T.J.},
journal = {Statistical Science},
pages = {559--578},
volume = {29},
  year={2014}
}

@article{pratt1984nature,
  title={On the nature and discovery of structure},
  author={Pratt, J.W. and Schlaifer, R.},
  journal={Journal of the American Statistical Association},
  volume={79},

  pages={9--21},
  year={1984},
  publisher={Taylor \& Francis}
}

@article{pratt1988interpretation,
  title={On the interpretation and observation of laws},
  author={Pratt, J.W. and Schlaifer, R.},
  journal={Journal of Econometrics},
  volume={39},

  pages={23--52},
  year={1988},
  publisher={Elsevier}
}


@book{McLachlan_Basford_1988,
    title={Mixture Models: Inference and Applications to Clustering},
    Volume={1}, journal={Statistics Textbooks and Monographs New York Dekker},
    publisher={Marcel Dekker},
    author={McLachlan, G J and Basford, K E},
    year={1988}
}


@Manual{nor1mix,
    title = {nor1mix: Normal (1-d) Mixture Models (S3 Classes and Methods)},
    author = {M. M$\ddot{a}$chler},
    year = {2011},
    note = {R package version 1.1-3},
  }


@article {manski2013identification,
author = {Manski, C. F.},
title = {Identification of treatment response with social interactions},
journal = {The Econometrics Journal},
volume = {16},

publisher = {Blackwell Publishing Ltd},
pages = {S1--S23},
year = {2013},
}

@article{macmahon1994blood,
  title={Blood pressure, antihypertensive treatment and stroke risk.},
  author={MacMahon, Stephen and Rodgers, Anthony},
  journal={Journal of hypertension. Supplement: official journal of the International Society of Hypertension},
  volume={12},
  pages={S5--14},
  year={1994}
}

@article{matsouaka2014likelihood,
  title={Likelihood Based Estimation of Logistic Structural Nested Mean Models with an Instrumental Variable},
  author={Matsouaka, Roland A and Tchetgen Tchetgen, Eric J},
  year={2014},
  publisher={bepress}
}


@book{morgan2007counterfactuals,
  title={Counterfactuals and causal inference: Methods and principles for social research},
  author={Morgan, S.L. and Winship, C.},
  year={2007},
  publisher={Cambridge University Press}
}

@article{melis2005design,
  title={The design of the Dutch EASYcare study: a randomised controlled trial on the effectiveness of a problem-based community intervention model for frail elderly people [NCT00105378]},
  author={Melis, R. and van Eijken, M. and Borm, G. and Wensing, M. and Adang, E. and van de Lisdonk, E. and Van Achterberg, T. and Rikkert, M.O.},
  journal={BMC health services research},
  volume={5},

  pages={65},
  year={2005},
  publisher={BioMed Central Ltd}
}

@article{mammen1999smooth,
  title={Smooth discrimination analysis},
  author={Mammen, E. and Tsybakov, A.B.},
  journal={The Annals of Statistics},
  volume={27},
  pages={1808--1829},
  year={1999},
  publisher={Institute of Mathematical Statistics}
}


@article{miao2016varieties,
  title={On varieties of doubly robust estimators under missingness not at random with a shadow variable},
  author={Miao, W. and Tchetgen Tchetgen, E.J. },
 journal={Biometrika},
  volume={103},
  pages={475--482},
  year={2016}
 }

  @Manual{nleqslv2014,
    title = {nleqslv: Solve systems of non linear equations},
    author = {Hasselman, B.},
    year = {2014},
    note = {R package version 2.1.1},
    url = {http://CRAN.R-project.org/package=nleqslv},
  }


@article{nickerson2005scalable,
  title={Scalable protocols offer efficient design for field experiments},
  author={Nickerson, D.W.},
  journal={Political Analysis},
  volume={13},

  pages={233--252},
  year={2005},
  publisher={SPM-PMSAPSA}
}

@article{nickerson2008voting,
  title={Is voting contagious? {E}vidence from two field experiments},
  author={Nickerson, D.W.},
  journal={American Political Science Review},
  volume={102},

  pages={49--57},
  year={2008},
  publisher={Cambridge Univ Press}
}



@article{neyman1934two,
  title={{On the Two Different Aspects of the Representative Method: the Method of Stratified Sampling and the Method of Purposive Selection}},
  author={Neyman, J.},
  journal={Journal of the Royal Statistical Society},
  volume={97},

  pages={558--625},
  year={1934},
  publisher={JSTOR}
}

@book{little2002statistical,
  title={Statistical Analysis with Missing Data},
  author={Little, R.J. and Rubin, D.B.},
  year={2002},
  publisher={New York: Wiley, 2nd ed}
}


@article{ogburn2014DR,
  title={Doubly Robust Estimation of the Local Average
Treatment Effect Curve},
  author={Ogburn, E.L. and Rotnitzky, A. and Robins, J.M.},
  year={2014},
  journal={Journal of the Royal Statistical Society, in press},
}

@article{ogden2000long,
  title={Long-term absolute benefit of lowering blood pressure in hypertensive patients according to the {JNC VI} risk stratification},
  author={Ogden, Lorraine G and He, Jiang and Lydick, Eva and Whelton, Paul K},
  journal={Hypertension},
  volume={35},
  pages={539--543},
  year={2000},
}


@article{o2014estimating,
  title={Estimating peer effects in longitudinal dyadic data using instrumental variables},
  author={O'Malley, A.J. and Elwert, F. and Rosenquist, J.N. and Zaslavsky, A.M. and Christakis, N.A.},
  journal={Biometrics},
  volume={70},
  pages={506--515},
  year={2014},
  publisher={Wiley Online Library}
}

@article{pearl1995causal,
  title={Causal diagrams for empirical research},
  author={Pearl, J.},
  journal={Biometrika},
  volume={82},

  pages={669--688},
  year={1995},
  publisher={Biometrika Trust}
}


@book{pearl2009causality,
  title={Causality},
  author={Pearl, J.},
  year={2009},
  publisher={Cambridge university press}
}


@article{pearl2011principal,
  title={Principal stratification—a goal or a tool?},
  author={Pearl, Judea},
  journal={The International Journal of Biostatistics},
  volume={7},

  year={2011},
  publisher={Berkeley Electronic Press}
}


@book{sarndal2003model,
  title={Model {A}ssisted {S}urvey {S}ampling},
  author={S{\"a}rndal, C.E. and Swensson, B. and Wretman, J.},
  year={2003},
  publisher={Springer Verlag}
}

@article{scharfstein1999adjusting,
  title={Adjusting for nonignorable drop-out using semiparametric nonresponse models},
  author={Scharfstein, D.O. and Rotnitzky, A. and Robins, J.M.},
  journal={Journal of the American Statistical Association},
  volume={94},
  pages={1096--1120},
  year={1999},
  publisher={Taylor \& Francis}
}

@article{shepherd2011sensitivity,
  title={Sensitivity Analyses Comparing Time-to-Event Outcomes Only Existing in a Subset Selected Postrandomization and Relaxing Monotonicity},
  author={Shepherd, B.E. and Gilbert, P.B. and Dupont, C.T.},
  journal={Biometrics},
  volume={67},

  pages={1100--1110},
  year={2011},
  publisher={Wiley Online Library}
}

@article{richardson2014nonparametric,
  title={Nonparametric Bounds and Sensitivity Analysis of Treatment Effects.},
  author={Richardson, A. and Hudgens, M.G. and Gilbert, P.B. and Fine, J.P.},
  journal={Statistical science: a review journal of the Institute of Mathematical Statistics},
  volume={29},
  pages={596--618},
  year={2014},
}


@article{robins1989analysis,
  title={The analysis of randomized and non-randomized AIDS treatment trials using a new approach to causal inference in longitudinal studies},
  author={Robins, J.M.},
  journal={Health service research methodology: a focus on AIDS},
  volume={113},
  pages={159},
  year={1989}
}

@article{robins1994correcting,
  title={Correcting for non-compliance in randomized trials using structural nested mean models},
  author={Robins, J.M.},
  journal={Communications in Statistics-Theory and methods},
  volume={23},

  pages={2379--2412},
  year={1994},
  publisher={Taylor \& Francis}
}


@article{robins1995semiparametric,
  title={Semiparametric efficiency in multivariate regression models with missing data},
  author={Robins, J.M. and Rotnitzky, A.},
  journal={Journal of the American Statistical Association},
  volume={90},

  pages={122--129},
  year={1995},
  publisher={Taylor \& Francis}
}

@article{rotnitzky1997analysis,
  title={Analysis of semi-parametric regression models with non-ignorable non-response},
  author={Rotnitzky, A. and Robins, J.M.},
  journal={Statistics in medicine},
  volume={16},
  pages={81--102},
  year={1997}
}

@article{rotnitzky2012improved,
  title={Improved double-robust estimation in missing data and causal inference models},
  author={Rotnitzky, A. and Lei, Q. and Sued, M. and Robins, J.M.},
  journal={Biometrika},
  volume={99},
  pages={439--456},
  year={2012},
  publisher={Biometrika Trust}
}

@article{robins1997toward,
  title={Toward a curse of dimensionality appropriate (CODA) asymptotic theory for semi-parametric models},
  author={Robins, J.M. and Ritov, Y.},
  journal={Statistics in medicine},
  volume={16},
  pages={285--319},
  year={1997}
}


@article{rosenquist2010spread,
  title={The spread of alcohol consumption behavior in a large social network},
  author={Rosenquist, J.N. and Murabito, J. and Fowler, J.H. and Christakis, N.A.},
  journal={Annals of Internal Medicine},
  volume={152},

  pages={426--433},
  year={2010},
  publisher={Am Coll Physicians}
}


@article{rubin2004direct,
  title={Direct and Indirect Causal Effects via Potential Outcomes*},
  author={Rubin, D.B.},
  journal={Scandinavian Journal of Statistics},
  volume={31},

  pages={161--170},
  year={2004},
  publisher={Wiley Online Library}
}

@article{rubin2005causal,
  title={Causal inference using potential outcomes},
  author={Rubin, D.B.},
  journal={Journal of the American Statistical Association},
  volume={100},

  pages={322--331},
  year={2005},
  publisher={ASA}
}

@article{rubin1976inference,
  title={Inference and missing data},
  author={Rubin, D.B.},
  journal={Biometrika},
  volume={63},
  pages={581--592},
  year={1976},
  publisher={Biometrika Trust}
}

@article{sobel2006randomized,
  title={What Do Randomized Studies of Housing Mobility Demonstrate?: Causal Inference in the Face of Interference},
  author={Sobel, M.E.},
  journal={Journal of the American Statistical Association},
  volume={101},

  pages={1398--1407},
  year={2006}
}
@article{smith1976foundations,
  title={The foundations of survey sampling: a review},
  author={Smith, TMF},
  journal={Journal of the Royal Statistical Society. Series A (General)},
  pages={183--204},
  year={1976},
  publisher={JSTOR}
}

@article{smith1994sample,
  title={Sample surveys 1975-1990; an age of reconciliation?},
  author={Smith, TMF},
  journal={International Statistical Review/Revue Internationale de Statistique},
  volume={62},

  pages={5--19},
  year={1994},
  publisher={JSTOR}
}

@article{sun2014instrumental,
  title={Doubly Robust Instrumental Variable Estiamtion in Missing not at Random Problems},
  author={Sun, B. and Miao, W. and Liu, L. and Robins, J. and Tchetgen Tchetgen, E.},
  journal={In press at Statistical Sinica},
}

@article{tan2006regression,
  title={Regression and weighting methods for causal inference using instrumental variables},
  author={Tan, Z.},
  journal={Journal of the American Statistical Association},
  volume={101},

  pages={1607--1618},
  year={2006},
  publisher={Taylor \& Francis}
}

@article{tan2006distributional,
  title={A distributional approach for causal inference using propensity scores},
  author={Tan, Z.},
  journal={Journal of the American Statistical Association},
  volume={101},
  pages={1619--1637},
  year={2006},
  publisher={Taylor \& Francis}
}

@misc{thompson1992sampling,
  title={Sampling {N}ew {Y}ork},
  author={Thompson, S.K.},
  year={1992},
  publisher={Wiley}
}

@book{tsiatis2006semiparametric,
  title={Semiparametric {T}heory and {M}issing {D}ata},
  author={Tsiatis, A.A},
  year={2006},
  publisher={Springer}
}

@article{tsiatis2007comment,
  title={Comment: Demystifying double robustness: a comparison of alternative strategies for estimating a population mean from incomplete data},
  author={Tsiatis, A.A. and Davidian, M.},
  journal={Statistical science: a review journal of the Institute of Mathematical Statistics},
  volume={22},

  pages={569},
  year={2007},
  publisher={NIH Public Access}
}

@article{tsiatis2011improved,
  title={Improved doubly robust estimation when data are monotonely coarsened, with application to longitudinal studies with dropout},
  author={Tsiatis, A.A. and Davidian, M. and Cao, W.},
  journal={Biometrics},
  volume={67},
  pages={536--545},
  year={2011},
  publisher={Wiley Online Library}
}

@article{tchetgen2010doubly,
  title={On doubly robust estimation in a semiparametric odds ratio model},
  author={Tchetgen Tchetgen, E.J. and Robins, J.M. and Rotnitzky, A.},
  journal={Biometrika},
  volume={97},
  pages={171--180},
  year={2010},
  publisher={Biometrika Trust}
}


@article{tchetgen2012causal,
  title={On causal inference in the presence of interference},
  author={Tchetgen Tchetgen, E.J. and VanderWeele, T.J.},
  journal={Statistical Methods in Medical Research},
  volume = {21},

  pages = {55-75},
  year = {2012},
}

@article{tchetgen2016discrete,
  title={Discrete Choice Models for Nonmonotone Nonignorable Missing Data: Identification and Inference},
  author={Tchetgen, Eric J Tchetgen and Wang, Linbo and Sun, BaoLuo},
  journal={in preperation},
  year={2016}
}

@article{tchetgen2013alternative,
  title={Alternative identification and inference of the effect of treatment on the treated with an instrumental variable},
  author={Tchetgen Tchetgen, E.J. and Vansteelandt, S.},
  journal={Harvard University Biostatistics Working Paper Series},
  year = {2013},
}



@article{sofer2015onsimple,
  title={On simple relations between difference-in-differences and negative control outcomes: identifying assumptions and a generalization},
  author={Sofer, T. and Richarson, D. and Colicino, E and Schwartz, J. and Tchetgen Tchetgen, E.J.},
  journal={In preparation},
  year={2015},
}


@article{tchetgen2012semiparametric,
  title={Semiparametric theory for causal mediation analysis: efficiency bounds, multiple robustness, and sensitivity analysis},
  author={Tchetgen Tchetgen, E.J.  and Shpitser, I.},
  journal={Annals of statistics},
  volume={40},
  pages={1816},
  year={2012},
  publisher={NIH Public Access}
}

 @article{Horvitz1952,
     jstor_articletype = {research-article},
     title = {A Generalization of Sampling Without Replacement From a Finite Universe},
     author = {Horvitz, D. G. and Thompson, D. J.},
     journal = {Journal of the American Statistical Association},
     jstor_issuetitle = {},
     volume = {47},

     jstor_formatteddate = {Dec., 1952},
     pages = {663--685},
     year = {1952},
     publisher = {American Statistical Association},
}



@article{rubin1980randomization,
  title={Comment on ``{R}andomization  Analysis of Experimental
Data: The {F}isher Randomization  Test," by {D}. {B}asu},
  author={Rubin, D.B.},
  journal={Journal of the American Statistical Association},
  volume={75},

  pages={591--593},
  year={1980},
  publisher={JSTOR}
}
@article{robins2001comment,
  title={Comment on Inference for semiparametric models: Some questions and an answer, by {PJ B}ickel and {J. K}won},
  author={Robins, J.M. and Rotnitzky, A},
  journal={Statist. Sinica},
  volume={11},
  pages={920--936},
  year={2001}
}
@article{robins1992g,
  title={G-estimation of the effect of prophylaxis therapy for pneumocystis carinii pneumonia on the survival of AIDS patients},
  author={Robins, J.M. and Blevins, D. and Ritter, G. and Wulfsohn, M.},
  journal={Epidemiology},
  Volume = {{3}},

  pages={319--336},
  year={1992},
  publisher={JSTOR},
  DOI = {{10.1097/00001648-199207000-00007}},
}


@article{rosenbaum2002covariance,
  title={Covariance adjustment in randomized experiments and observational studies},
  author={Rosenbaum, P.R.},
  journal={Statistical Science},
  volume={17},

  pages={286--327},
  year={2002},
  publisher={Institute of Mathematical Statistics}
}

@article{rosenbaum2007interference,
  title={Interference between units in randomized experiments},
  author={Rosenbaum, P.R.},
  journal={Journal of the American Statistical Association},
  volume={102},

  pages={191--200},
  year={2007},
  publisher={ASA}
}


@article{rubin1974estimating,
  title={ESTIMATING CAUSAL EFFECTS OF TREATMENTS IN RANDOMIZED AND NONRANDOMIZED STUDIES1},
  author={Rubin, D.B.},
  journal={Journal of Educational Psychology},
  volume={66},

  pages={688--701},
  year={1974}
}

@article{rubin1977assignment,
  author = {Rubin, D.B.},
  title = {Assignment to Treatment Group on the Basis of a Covariate},
  volume = {2},

  pages = {1-26},
  year = {1977},
  journal = {Journal of Educational and Behavioral Statistics}
}

 @article{rubin1978bayesian,
     title = {Bayesian Inference for Causal Effects: The Role of Randomization},
     author = {Rubin, D.B.},
     journal = {The Annals of Statistics},
      volume = {6},

     pages = {34-58},
     year = {1978},
     publisher = {Institute of Mathematical Statistics},
}

@article{rosenbaum1983central,
  title={The central role of the propensity score in observational studies for causal effects},
  author={Rosenbaum, P.R. and Rubin, D.B.},
  journal={Biometrika},
  volume={70},

  pages={41--55},
  year={1983},
  publisher={Biometrika Trust}
}

@article{robins1989control,
  title={The control of confounding by intermediate variables},
  author={Robins, J.},
  journal={Statistics in Medicine},
  volume={8},

  pages={679--701},
  year={1989},
  publisher={Wiley Online Library}
}

@article{rubin1990application,
  title={[On the Application of Probability Theory to Agricultural Experiments. Essay on Principles. Section 9.] Comment: Neyman (1923) and Causal Inference in Experiments and Observational Studies},
  author={Rubin, D.B.},
  journal={Statistical Science},
  volume={5},

  pages={472--480},
  year={1990},
  publisher={JSTOR}
}




@article{robins1996identification,
  title={Identification of causal effects using instrumental variables: comment},
  author={Robins, J.M. and Greenland, S.},
  journal={Journal of the American Statistical Association},
  volume={91},

  pages={456--458},
  year={1996},
  publisher={JSTOR}
}

@article{royall1970finite,
  title={On finite population sampling theory under certain linear regression models},
  author={Royall, Richard M},
  journal={Biometrika},
  volume={57},

  pages={377--387},
  year={1970},
  publisher={Biometrika Trust}
}
@article{tinbergen1930determination,
  title={Determination and interpretation of supply curves: an example},
  author={Tinbergen, J.},
  journal={Zeitschrift fur Nationalokonomie},
   volume={1},

  pages={669--679},
  year={1930},
}




@article{robins2000marginal,
  title={Marginal structural models and causal inference in epidemiology},
  author={Robins, J.M. and Hernan, M.A. and Brumback, B.},
  journal={Epidemiology},
  volume={11},

  pages={550--560},
  year={2000},
  publisher={Lippincott Williams \& Wilkins}
}


@article{robins1997non,
  title={NON-RESPONSE MODELS FOR THE ANALYSIS OF NON-MONOTONE NON-IGNORABLE MISSING DATA},
  author={Robins, J.M. and others},
  journal={Statistics in Medicine},
  volume={16},

  pages={21--37},
  year={1997}
}

@article{robins2004estimation,
  title={Estimation of treatment effects in randomised trials with non-compliance and a dichotomous outcome using structural mean models},
  author={Robins, J.M. and Rotnitzky, A.},
  journal={Biometrika},
  volume={91},

  pages={763--783},
  year={2004},
  publisher={Biometrika Trust}
}


@article{robins2007comment,
  title={Comment: Performance of double-robust estimators when ``inverse probability" weights are highly variable},
  author={Robins, J. and Sued, M. and Lei-Gomez, Q. and Rotnitzky, A.},
  journal={Statistical Science},
  pages={544--559},
  volume={22},
  year={2007},
  publisher={JSTOR}
}

@article{robins1994estimation,
  title={Estimation of regression coefficients when some regressors are not always observed},
  author={Robins, J.M. and Rotnitzky, A. and Zhao, L.P.},
  journal={Journal of the American statistical Association},
  volume={89},
  pages={846--866},
  year={1994},
  publisher={Taylor \& Francis Group}
}

@article{robins1995analysis,
  title={Analysis of semiparametric regression models for repeated outcomes in the presence of missing data},
  author={Robins, J.M. and Rotnitzky, A. and Zhao, L.P.},
  journal={Journal of the American Statistical Association},
  volume={90},
  pages={106--121},
  year={1995},
  publisher={Taylor \& Francis Group}
}

@article{root2011role,
  title={The role of vaccine coverage within social networks in cholera vaccine efficacy},
  author={Root, E.D. and Giebultowicz, S. and Ali, M. and Yunus, M. and Emch, M.},
  journal={PloS one},
  volume={6},
  pages={e22971},
  year={2011},
  publisher={Public Library of Science}
}

@article{rosenblatt1956central,
  title={A central limit theorem and a strong mixing condition},
  author={Rosenblatt, M.},
  journal={Proceedings of the National Academy of Sciences of the United States of America},
  volume={42},

  pages={43},
  year={1956},
  publisher={National Academy of Sciences}
}

@article{rubin1990formal,
  title={Formal models of statistical inference for causal effects},
  author={Rubin, D.B.},
  journal={Journal of Statistical Planning and Inference},
  volume={25},

  pages={279--292},
  year={1990}
}

@article{rubin1986multiple,
  title={Multiple imputation for interval estimation from simple random samples with ignorable nonresponse},
  author={Rubin, D.B. and Schenker, N.},
  journal={Journal of the American Statistical Association},
  volume={81},
  pages={366--374},
  year={1986},
  publisher={Taylor \& Francis}
}

@book{rubin2004multiple,
  title={Multiple imputation for nonresponse in surveys},
  author={Rubin, D.B.},
  volume={81},
  year={2004},
  publisher={John Wiley \& Sons}
}

@article{tsybakov2004optimal,
  title={Optimal aggregation of classifiers in statistical learning},
  author={Tsybakov, A.B.},
  journal={Annals of Statistics},
  volume={32},
  pages={135--166},
  year={2004},
  publisher={JSTOR}
}


@article{vaart2006oracle,
  title={Oracle inequalities for multi-fold cross validation},
  author={van der Vaart, A.W. and Dudoit, S. and van der Laan, M.J.},
  journal={Statistics \& Decisions},
  volume={24},
  pages={351--371},
  year={2006}
}

@article{vanderweele2011bounding,
  title={Bounding the infectiousness effect in vaccine trials},
  author={VanderWeele, T.J. and Tchetgen Tchetgen, E.J.},
  journal={Epidemiology},
  volume={22},

  pages={686},
  year={2011},
  publisher={NIH Public Access}
}

@article{vanderweele2012components,
  title={Components of the indirect effect in vaccine trials: identification of contagion and infectiousness effects},
  author={VanderWeele, T.J. and Tchetgen Tchetgen, E.J. and Halloran, M.E.},
  journal={Epidemiology},
  volume={23},
  pages={751--761},
  year={2012},
  publisher={NIH Public Access}
}



@article{vanderweele2012mapping,
  title={A Mapping Between Interactions and Interference: Implications for Vaccine Trials},
 author={VanderWeele, T.J. and Vandenbroucke, J.P. and Tchetgen Tchetgen, E.J. and Robins, J.M.},
  journal={Epidemiology},
  volume={23},

  pages={285--292},
  year={2012},
  publisher={Lippincott Williams \& Wilkins}
}
@book{verbitsky2004causal,
  title={Causal inference in spatial setting},
  author={Verbitsky, N. and Raudenbush, S.W.},
  booktitle={Proceedings of the Social Statistics Section, American Statistical Association},
  pages={2369--2374},
  year={2004}
}

@book{van2000asymptotic,
  title={Asymptotic {S}tatistics},
  author={{van der Vaart, A.}},
  year={1998},
  publisher={Cambridge: Cambridge University Press}
}


@article{vansteelandt2003causal,
  title={Causal inference with generalized structural mean models},
  author={Vansteelandt, S. and Goetghebeur, E.},
  journal={Journal of the Royal Statistical Society: Series B (Statistical Methodology)},
  volume={65},

  pages={817--835},
  year={2003},
  publisher={Wiley Online Library}
}

@article{vansteelandt2006ignorance,
  title={Ignorance and uncertainty regions as inferential tools in a sensitivity analysis},
  author={Vansteelandt, S. and Goetghebeur, E. and Kenward, M.G. and Molenberghs, G.},
  journal={Statistica Sinica},
  volume={16},

  pages={953--979},
  year={2006}
}


@article{vansteelandt2007estimation,
  title={Estimation of regression models for the mean of repeated outcomes under nonignorable nonmonotone nonresponse},
  author={Vansteelandt, S. and Rotnitzky, A. and Robins, J.M.},
  journal={Biometrika},
  volume={94},

  pages={841--860},
  year={2007},
  publisher={Biometrika Trust}
}

@article{van2007estimation,
  title={Estimation of treatment effects in randomized trials with non-compliance and a dichotomous outcome},
  author={Van Der Laan, Mark J and Hubbard, Alan and Jewell, Nicholas P},
  journal={Journal of the Royal Statistical Society: Series B (Statistical Methodology)},
  volume={69},

  pages={463--482},
  year={2007},
  publisher={Wiley Online Library}
}

@article{van2010collaborative,
  title={Collaborative double robust targeted maximum likelihood estimation},
  author={van der Laan, M.J. and Gruber, S.},
  journal={The International Journal of Biostatistics},
  volume={6},
   pages={1--71},
    year={2010}
}

@article{vach1993logistic,
  title={Logistic regression with incompletely observed categorical covariates: a comparison of three approaches},
  author={Vach, W. and Schumacher, M.},
  journal={Biometrika},
  volume={80},
  pages={353--362},
  year={1993},
  publisher={Biometrika Trust}
}

@article{shalizi2011homophily,
  title={Homophily and contagion are generically confounded in observational social network studies},
  author={Shalizi, C.R. and Thomas, A.C.},
  journal={Sociological methods \& research},
  volume={40},
  pages={211--239},
  year={2011},
  publisher={Sage Publications}
}


@article{stefanski2002calculus,
  title={The calculus of {M}-estimation},
  author={Stefanski, L.A. and Boos, D.D.},
  journal={The American Statistician},
  volume={56},

  pages={29--38},
  year={2002},
  publisher={American Statistical Association}
}

@article{sobel1990effect,
  title={Effect analysis and causation in linear structural equation models},
  author={Sobel, M.E.},
  journal={Psychometrika},
  volume={55},

  pages={495--515},
  year={1990},
  publisher={Springer}
}

@article{sobel1995causal,
  title={Causal inference in the social and behavioral sciences},
  author={Sobel, M.E.},
  journal={Handbook of statistical modeling for the social and behavioral sciences},
  pages={1--38},
  year={1995},
  publisher={New York: Plenum Press}
}
@article{sinclair2012detecting,
  title={Detecting Spillover Effects: Design and Analysis of Multilevel Experiments},
  author={Sinclair, B. and McConnell, M. and Green, D.P.},
  journal={American Journal of Political Science},
  year={2012},
  volume={56},
  issue={4},
  pages={1055--1069},
  publisher={Wiley Online Library}
}



@article{sur2009cluster,
  title={A cluster-randomized effectiveness trial of {V}i typhoid vaccine in India},
  author={Sur, D. and Ochiai, R.L. and Bhattacharya, S.K. and Ganguly, N.K. and Ali, M. and Manna, B. and Dutta, S. and Donner, A. and Kanungo, S. and Park, J.K. and others},
  journal={New England Journal of Medicine},
  volume={361},

  pages={335--344},
  year={2009},
  publisher={Mass Medical Soc}
}


@article{splawa1923application,
  title={On the application of probability theory to agricultural experiments. {E}ssay on principles. {S}ection 9, 1923. {T}ranslated by {D}abrowska, {DM} and {S}peed, {TP}},
  author={J. Splawa-Neyman},
  journal={Statistical Science},
  volume={5},

  pages={465--472},
  year={1990},
  publisher={Institute of Mathematical Statistics}
}

@article{stamler1993diabetes,
  title={Diabetes, other risk factors, and 12-yr cardiovascular mortality for men screened in the Multiple Risk Factor Intervention Trial},
  author={Stamler, Jeremiah and Vaccaro, Olga and Neaton, James D and Wentworth, Deborah and {Multiple Risk Factor Intervention Trial Research Group and others}},
  journal={Diabetes care},
  volume={16},
  pages={434--444},
  year={1993},
}

@article{stone1974cross,
  title={Cross-validatory choice and assessment of statistical predictions},
  author={Stone, M.},
  journal={Journal of the Royal Statistical Society. Series B (Methodological)},
  pages={111--147},
  year={1974},
  publisher={JSTOR}
}


@article{tan2007comment,
  title={Comment: Understanding {OR}, {PS} and {DR}},
  author={Tan, Z.},
  journal={Statistical Science},
  volume={22},
  pages={560--568},
  year={2007},
  publisher={JSTOR}
}

@article{tan2010marginal,
  title={Marginal and nested structural models using instrumental variables},
  author={Tan, Z.},
  journal={Journal of the American Statistical Association},
  volume={105},

  pages={157--169},
  year={2010},
  publisher={Taylor \& Francis}
}

@article{tan2010bounded,
  title={Bounded, efficient and doubly robust estimation with inverse weighting},
  author={Tan, Zhiqiang},
  journal={Biometrika},
  volume={97},
  pages={661--682},
  year={2010},
  publisher={Biometrika Trust}
}

@article{teerenstra2006pseudo,
  title={Pseudo cluster randomization dealt with selection bias and contamination in clinical trials},
  author={Teerenstra, S. and Melis, RJF and Peer, PGM and Borm, GF},
  journal={Journal of clinical epidemiology},
  volume={59},

  pages={381--386},
  year={2006},
  publisher={Elsevier}
}

@article{tibshirani1996regression,
  title={Regression shrinkage and selection via the lasso},
  author={Tibshirani, Robert},
  journal={Journal of the Royal Statistical Society. Series B (Methodological)},
  volume={58},
  pages={267--288},
  year={1996},
  publisher={JSTOR}
}


@article{tibshirani1997lasso,
  title={The lasso method for variable selection in the Cox model},
  author={Tibshirani, Robert},
  journal={Statistics in Medicine},
  volume={16},
  pages={385--395},
  year={1997}
}

@article{torgerson2001contamination,
  title={Contamination in trials: is cluster randomisation the answer?},
  author={Torgerson, D.J.},
  journal={Bmj},
  volume={322},

  pages={355--357},
  year={2001},
  publisher={British Medical Journal Publishing Group}
}

@book{tanner1991tools,
  title={Tools for statistical inference: observed data and data augmentation methods},
  author={Tanner, M.A.},
  year={1991},
  publisher={Springer-Verlag}
}
@book{tyrtyshnikov2012brief,
  title={A brief introduction to numerical analysis},
  author={Tyrtyshnikov, E.E.},
  year={2012},
  publisher={Springer Science \& Business Media}
}


@book{wooldridge2010econometric,
  title={Econometric analysis of cross section and panel data},
  author={Wooldridge, Jeffrey M},
  year={2010},
  publisher={MIT press}
}


@article{wright1928appendix,
  title={Appendix to The Tariff on Animal and Vegetable Oils},
  author={Wright, S.},
  journal={New York: MacMillan.(1934)," The Method of Path Coefficients," Annals of Mathematical Statistics},
  volume={5},
  pages={161--215},
  year={1928}
}


@article{wilkinson1999statistical,
  title={STATISTICAL METHODS IN PSYCHOLOGY JOURNALS},
  author={Wilkinson, L.},
  journal={American {P}sychologist},
  volume={54},

  pages={594--604},
  year={1999},
  publisher={American Psychological Association (PsycARTICLES)}
}

@article{wu1973alternative,
  title={Alternative tests of independence between stochastic regressors and disturbances},
  author={Wu, D.},
  journal={Econometrica: journal of the Econometric Society},
  pages={733--750},
  year={1973},
  publisher={JSTOR}
}

@article{wu1988estimation,
  title={Estimation and comparison of changes in the presence of informative right censoring by modeling the censoring process},
  author={Wu, M.C. and Carroll, R.J.},
  journal={Biometrics},
  pages={175--188},
  year={1988},
  publisher={JSTOR}
}

@article{wu1989estimation,
  title={Estimation and comparison of changes in the presence of informative right censoring: conditional linear model},
  author={Wu, M.C. and Bailey, K.R.},
  journal={Biometrics},
  pages={939--955},
  year={1989},
  publisher={JSTOR}
}

@article{wu2001model,
  title={A model-calibration approach to using complete auxiliary information from survey data},
  author={Wu, C. and Sitter, R.R.},
  journal={Journal of the American Statistical Association},
  volume={96},
  number={453},
  pages={185--193},
  year={2001},
  publisher={Taylor \& Francis}
}

@book{van2003unified,
  title={Unified methods for censored longitudinal data and causality},
  author={van der Laan, M.J. and Robins, J.M.},
  year={2003},
  publisher={Springer}
}

@article{vanderweele2011effect,
  title={Effect partitioning under interference in two-stage randomized vaccine trials},
  author={VanderWeele, T.J. and Tchetgen Tchetgen, E.J.},
  journal={Statistics \& {P}robability {L}etters},
  volume={81},

  pages={861--869},
  year={2011},
  publisher={Elsevier}
}

@incollection{vanderweele2013social,
  title={Social networks and causal inference},
  author={VanderWeele, T.J. and An, W.},
  booktitle={Handbook of Causal Analysis for Social Research},
  pages={353--374},
  year={2013},
  publisher={Springer}
}


@article{van2006brain,
  title={Brain imaging in patients with diabetes},
  author={van Harten, B. and de Leeuw, F. and Weinstein, H.C. and Scheltens, P. and Biessels, G.J.},
  journal={Diabetes care},
  volume={29},
  pages={2539--2548},
  year={2006},
}


@article{varadhan2009bb,
  title={{BB}: An R package for solving a large system of nonlinear equations and for optimizing a high-dimensional nonlinear objective function},
  author={Varadhan, R. and Gilbert, P.},
  journal={Journal of Statistical Software},
  volume={32},

  pages={1--26},
  year={2009},
  publisher={Citeseer}
}

@article{wu1999use,
  title={Use of summary measures to adjust for informative missingness in repeated measures data with random effects},
  author={Wu, M.C. and Follmann, D.A.},
  journal={Biometrics},
  volume={55},

  pages={75--84},
  year={1999},
  publisher={Wiley Online Library}
}

@article{yang2000adaptive,
  title={Adaptive estimation in pattern recognition by combining different procedures},
  author={Yang, Y.},
  journal={Statistica Sinica},
  volume={10},
  pages={1069--1089},
  year={2000},
  publisher={JSTOR}
}

@article{yang2003regression,
  title={Regression with multiple candidate models: selecting or mixing?},
  author={Yang, Yuhong},
  journal={Statistica Sinica},
  pages={783--809},
  year={2003},
  publisher={JSTOR}
}

@article{yates1953selection,
  title={Selection without replacement from within strata with probability proportional to size},
  author={Yates, F and Grundy, PM},
  journal={Journal of the Royal Statistical Society. Series B (Methodological)},
  pages={253--261},
  year={1953},
  publisher={JSTOR}
}


@article{yin2017assessing,
  title={Assessing the Treatment Effect Heterogeneity with a Latent Variable},
  author={Yin, Y. and Liu, L. and Geng, Z.},
  journal={Statistical Sinica},
  year={2017},
}


@article{yin2017novel,
  title={Optimal Criteria to Exclude the Surrogate Paradox and Sensitivity Analysis},
  author={Yin, Y. and Liu, L. and Geng, Z. and Luo, P.},
  journal={Under Review at JASA},
  year={2017},
}


@article{1990,
     title = {On the Application of Probability Theory to Agricultural Experiments. Essay on Principles. Section 9.},
     author = {Splawa-Neyman, J. and Dabrowska, D. M. and Speed, T. P.},
     journal = {Statistical Science},
     year={1990},
     volume = {5},

     pages = {465-472},
     year = {1990},
     publisher = {Institute of Mathematical Statistics},
   }


@article{zigler2012estimating,
  title={Estimating causal effects of air quality regulations using principal stratification for spatially correlated multivariate intermediate outcomes},
  author={Zigler, C.M. and Dominici, F. and Wang, Y.},
  journal={Biostatistics},
  volume={13},

  pages={289--302},
  year={2012},
  publisher={Biometrika Trust}
}

@article{zhao1996regression,
  title={Regression analysis with missing covariate data using estimating equations},
  author={Zhao, L. and Lipsitz, S. and Lew, D.},
  journal={Biometrics},
  volume={52},
  pages={1165--1182},
  year={1996},
  publisher={JSTOR}
}

@article{zou2006adaptive,
  title={The adaptive lasso and its oracle properties},
  author={Zou, Hui},
  journal={Journal of the American Statistical Association},
  volume={101},
  pages={1418--1429},
  year={2006},
  publisher={Taylor \& Francis}
}

@article{zou2005regularization,
  title={Regularization and variable selection via the elastic net},
  author={Zou, Hui and Hastie, Trevor},
  journal={Journal of the Royal Statistical Society: Series B (Statistical Methodology)},
  volume={67},
  pages={301--320},
  year={2005},
  publisher={Wiley Online Library}
}

